<?xml version="1.0" encoding="UTF-8"?>
<record>
  <leader>02527nas a2200529#c 4500</leader>
  <controlfield tag="005">20220903101743.0</controlfield>
  <controlfield tag="007">tu</controlfield>
  <controlfield tag="008">991120d19702010gw f||p|  s|| 0||||1ger c</controlfield>
  <controlfield tag="003">DE-605</controlfield>
  <controlfield tag="001">990054114500206441</controlfield>
  <datafield tag="016" ind1="7" ind2=" ">
    <subfield code="a">776125-9</subfield>
    <subfield code="2">DE-600</subfield>
  </datafield>
  <datafield tag="016" ind1="7" ind2=" ">
    <subfield code="a">014252457</subfield>
    <subfield code="2">DE-101</subfield>
  </datafield>
  <datafield tag="035" ind1=" " ind2=" ">
    <subfield code="a">(DE-599)ZDB776125-9</subfield>
  </datafield>
  <datafield tag="035" ind1=" " ind2=" ">
    <subfield code="a">(OCoLC)643782524</subfield>
  </datafield>
  <datafield tag="035" ind1=" " ind2=" ">
    <subfield code="a">(DE-600)776125-9</subfield>
  </datafield>
  <datafield tag="035" ind1=" " ind2=" ">
    <subfield code="a">(DE-101)014252457</subfield>
  </datafield>
  <datafield tag="040" ind1=" " ind2=" ">
    <subfield code="a">9001</subfield>
    <subfield code="b">ger</subfield>
    <subfield code="c">DE-101</subfield>
    <subfield code="d">9999</subfield>
  </datafield>
  <datafield tag="041" ind1=" " ind2=" ">
    <subfield code="a">ger</subfield>
  </datafield>
  <datafield tag="044" ind1=" " ind2=" ">
    <subfield code="c">XA-DE</subfield>
  </datafield>
  <datafield tag="084" ind1=" " ind2=" ">
    <subfield code="a">17</subfield>
    <subfield code="a">330</subfield>
    <subfield code="a">380</subfield>
    <subfield code="a">650</subfield>
    <subfield code="a">670</subfield>
    <subfield code="q">DE-101</subfield>
    <subfield code="2">sdnb</subfield>
  </datafield>
  <datafield tag="084" ind1=" " ind2=" ">
    <subfield code="a">310</subfield>
    <subfield code="a">330</subfield>
    <subfield code="q">DE-600</subfield>
    <subfield code="2">sdnb</subfield>
  </datafield>
  <datafield tag="245" ind1="0" ind2="0">
    <subfield code="a">Ruhrwirtschaft</subfield>
    <subfield code="b">Konjunkturbericht ; ... gemeinsamer Bericht der Industrie- und Handelskammern Bochum, Dortmund, Duisburg, Essen und Nord Westfalen (Emscher-Lippe-Region)</subfield>
    <subfield code="c">hrsg. von der Niederrheinischen Industrie- und Handelskammer Duisburg-Wesel-Kleve zu Duisburg als der derzeit federführenden Ruhrgebiets-IHK</subfield>
  </datafield>
  <datafield tag="247" ind1="0" ind2="0">
    <subfield code="a">&lt;&lt;Die&gt;&gt; Ruhrwirtschaft</subfield>
    <subfield code="f">Hauptsacht. bis 63.1999</subfield>
  </datafield>
  <datafield tag="264" ind1="3" ind2="1">
    <subfield code="a">[Wechselnde Verlagsorte]</subfield>
    <subfield code="b">IHK</subfield>
    <subfield code="c">1970-2010</subfield>
  </datafield>
  <datafield tag="300" ind1=" " ind2=" ">
    <subfield code="c">30 cm</subfield>
  </datafield>
  <datafield tag="336" ind1=" " ind2=" ">
    <subfield code="b">txt</subfield>
  </datafield>
  <datafield tag="337" ind1=" " ind2=" ">
    <subfield code="b">n</subfield>
  </datafield>
  <datafield tag="338" ind1=" " ind2=" ">
    <subfield code="b">nc</subfield>
  </datafield>
  <datafield tag="362" ind1="0" ind2=" ">
    <subfield code="a">Nachgewiesen 1970 - 1980,He.; 26.1981,Frü. - 85.2010,He.</subfield>
  </datafield>
  <datafield tag="363" ind1="0" ind2="0">
    <subfield code="8">1.1\x</subfield>
    <subfield code="i">1970</subfield>
  </datafield>
  <datafield tag="363" ind1="1" ind2="0">
    <subfield code="8">1.2\x</subfield>
    <subfield code="i">2010</subfield>
  </datafield>
  <datafield tag="689" ind1="0" ind2="0">
    <subfield code="a">Ruhrgebiet</subfield>
    <subfield code="D">g</subfield>
    <subfield code="0">(DE-588)4050926-6</subfield>
    <subfield code="0">https://portal.dnb.de/opac.htm?method=simpleSearch&amp;cqlMode=true&amp;query=idn=040509265</subfield>
    <subfield code="0">http://viaf.org/viaf/sourceID/DNB|040509265</subfield>
    <subfield code="B">GND-040509265</subfield>
  </datafield>
  <datafield tag="689" ind1="0" ind2="1">
    <subfield code="a">Wirtschaft</subfield>
    <subfield code="D">s</subfield>
    <subfield code="0">(DE-588)4066399-1</subfield>
    <subfield code="0">https://portal.dnb.de/opac.htm?method=simpleSearch&amp;cqlMode=true&amp;query=idn=04066399X</subfield>
    <subfield code="0">http://viaf.org/viaf/sourceID/DNB|04066399X</subfield>
    <subfield code="B">GND-04066399X</subfield>
  </datafield>
  <datafield tag="689" ind1="0" ind2="2">
    <subfield code="a">Statistik</subfield>
    <subfield code="D">s</subfield>
    <subfield code="0">(DE-588)4056995-0</subfield>
    <subfield code="0">https://portal.dnb.de/opac.htm?method=simpleSearch&amp;cqlMode=true&amp;query=idn=040569950</subfield>
    <subfield code="0">http://viaf.org/viaf/sourceID/DNB|040569950</subfield>
    <subfield code="B">GND-040569950</subfield>
  </datafield>
  <datafield tag="689" ind1="0" ind2=" ">
    <subfield code="5">DE-600</subfield>
    <subfield code="5">DE-600</subfield>
  </datafield>
  <datafield tag="785" ind1="0" ind2="0">
    <subfield code="i">Forts.:</subfield>
    <subfield code="t">Konjunkturbericht Ruhrwirtschaft</subfield>
    <subfield code="d">[Wechselnde Verlagsorte] : IHK, 2011-</subfield>
    <subfield code="w">(DE-600)2638213-1</subfield>
  </datafield>
  <datafield tag="655" ind1=" " ind2="7">
    <subfield code="a">Zeitschrift</subfield>
    <subfield code="0">(DE-588)4067488-5</subfield>
    <subfield code="2">gnd-content</subfield>
    <subfield code="B">GND-040674886</subfield>
  </datafield>
  <datafield tag="655" ind1=" " ind2="7">
    <subfield code="a">Statistik</subfield>
    <subfield code="0">(DE-588)4056995-0</subfield>
    <subfield code="2">gnd-content</subfield>
    <subfield code="0">https://portal.dnb.de/opac.htm?method=simpleSearch&amp;cqlMode=true&amp;query=idn=040569950</subfield>
    <subfield code="0">http://viaf.org/viaf/sourceID/DNB|040569950</subfield>
  </datafield>
  <datafield tag="500" ind1=" " ind2=" ">
    <subfield code="a">2. Zusatz wechselt</subfield>
  </datafield>
  <datafield tag="515" ind1=" " ind2=" ">
    <subfield code="a">Ersch. 2x jährl.</subfield>
  </datafield>
  <datafield tag="550" ind1=" " ind2=" ">
    <subfield code="a">Beteil. Körp. und federführende Ruhrgebietskammer wechseln</subfield>
  </datafield>
  <datafield tag="591" ind1=" " ind2=" ">
    <subfield code="a">38!(28-11-11)</subfield>
  </datafield>
  <datafield tag="MBD" ind1=" " ind2=" ">
    <subfield code="M">49HBZ_NETWORK</subfield>
    <subfield code="i">990054114500206441</subfield>
    <subfield code="n">HBZ Network</subfield>
  </datafield>
  <datafield tag="MBD" ind1=" " ind2=" ">
    <subfield code="M">49HBZ_BRIDGE_BDR</subfield>
    <subfield code="i">9937164707508</subfield>
    <subfield code="n">Bibliothek des Ruhrgebiets, Bochum</subfield>
  </datafield>
  <datafield tag="MBD" ind1=" " ind2=" ">
    <subfield code="M">49HBZ_BRIDGE_FIZ</subfield>
    <subfield code="i">99151928707816</subfield>
    <subfield code="n">Bibliotheken ohne zentrale Katalogisierung</subfield>
  </datafield>
  <datafield tag="MBD" ind1=" " ind2=" ">
    <subfield code="M">49HBZ_UBA</subfield>
    <subfield code="i">991014928159706448</subfield>
    <subfield code="n">RWTH Aachen</subfield>
  </datafield>
  <datafield tag="MBD" ind1=" " ind2=" ">
    <subfield code="M">49HBZ_UBD</subfield>
    <subfield code="i">991002221999706445</subfield>
    <subfield code="n">Technische Universität Dortmund</subfield>
  </datafield>
  <datafield tag="980" ind1="1" ind2=" ">
    <subfield code="e">HBZ</subfield>
    <subfield code="9">LOCAL</subfield>
    <subfield code="M">49HBZ_UBD</subfield>
  </datafield>
  <datafield tag="981" ind1=" " ind2=" ">
    <subfield code="a">(DE-290)213062</subfield>
    <subfield code="9">LOCAL</subfield>
    <subfield code="M">49HBZ_UBD</subfield>
  </datafield>
  <datafield tag="997" ind1=" " ind2=" ">
    <subfield code="a">19990727</subfield>
    <subfield code="9">LOCAL</subfield>
    <subfield code="M">49HBZ_UBD</subfield>
  </datafield>
  <datafield tag="MBD" ind1=" " ind2=" ">
    <subfield code="M">49HBZ_UDE</subfield>
    <subfield code="i">990003235990206446</subfield>
    <subfield code="n">Universität Duisburg-Essen</subfield>
  </datafield>
  <datafield tag="MBD" ind1=" " ind2=" ">
    <subfield code="M">49HBZ_DUE</subfield>
    <subfield code="i">990003049140206443</subfield>
    <subfield code="n">Universität Düsseldorf</subfield>
  </datafield>
  <datafield tag="773" ind1="1" ind2="8">
    <subfield code="w">990025113080206443</subfield>
    <subfield code="g">no:78</subfield>
    <subfield code="9">LOCAL</subfield>
    <subfield code="M">49HBZ_DUE</subfield>
  </datafield>
  <datafield tag="980" ind1="2" ind2=" ">
    <subfield code="u">ITM</subfield>
    <subfield code="v">2511641</subfield>
    <subfield code="w">DUE50</subfield>
    <subfield code="x">78</subfield>
    <subfield code="9">LOCAL</subfield>
    <subfield code="M">49HBZ_DUE</subfield>
  </datafield>
  <datafield tag="995" ind1=" " ind2=" ">
    <subfield code="a">zsmagex</subfield>
    <subfield code="9">LOCAL</subfield>
    <subfield code="M">49HBZ_DUE</subfield>
  </datafield>
  <datafield tag="996" ind1=" " ind2=" ">
    <subfield code="g">Westfalen</subfield>
    <subfield code="0">(DE-588)4065781-4</subfield>
    <subfield code="9">LOCAL</subfield>
    <subfield code="M">49HBZ_DUE</subfield>
  </datafield>
  <datafield tag="996" ind1=" " ind2=" ">
    <subfield code="s">Bericht</subfield>
    <subfield code="0">(DE-588)4128022-2</subfield>
    <subfield code="9">LOCAL</subfield>
    <subfield code="M">49HBZ_DUE</subfield>
  </datafield>
  <datafield tag="996" ind1=" " ind2=" ">
    <subfield code="s">Industrie</subfield>
    <subfield code="0">(DE-588)4026779-9</subfield>
    <subfield code="9">LOCAL</subfield>
    <subfield code="M">49HBZ_DUE</subfield>
  </datafield>
  <datafield tag="996" ind1=" " ind2=" ">
    <subfield code="s">Lippe</subfield>
    <subfield code="0">(DE-588)4167806-0</subfield>
    <subfield code="9">LOCAL</subfield>
    <subfield code="M">49HBZ_DUE</subfield>
  </datafield>
  <datafield tag="996" ind1=" " ind2=" ">
    <subfield code="a">Emscher</subfield>
    <subfield code="9">LOCAL</subfield>
    <subfield code="M">49HBZ_DUE</subfield>
  </datafield>
  <datafield tag="996" ind1=" " ind2=" ">
    <subfield code="a">Handel</subfield>
    <subfield code="9">LOCAL</subfield>
    <subfield code="M">49HBZ_DUE</subfield>
  </datafield>
  <datafield tag="996" ind1=" " ind2=" ">
    <subfield code="a">Handelskammer</subfield>
    <subfield code="9">LOCAL</subfield>
    <subfield code="M">49HBZ_DUE</subfield>
  </datafield>
  <datafield tag="996" ind1=" " ind2=" ">
    <subfield code="a">Industriekammer</subfield>
    <subfield code="9">LOCAL</subfield>
    <subfield code="M">49HBZ_DUE</subfield>
  </datafield>
  <datafield tag="996" ind1=" " ind2=" ">
    <subfield code="a">Kammer</subfield>
    <subfield code="9">LOCAL</subfield>
    <subfield code="M">49HBZ_DUE</subfield>
  </datafield>
  <datafield tag="996" ind1=" " ind2=" ">
    <subfield code="a">Konjunktur</subfield>
    <subfield code="9">LOCAL</subfield>
    <subfield code="M">49HBZ_DUE</subfield>
  </datafield>
  <datafield tag="996" ind1=" " ind2=" ">
    <subfield code="a">Region</subfield>
    <subfield code="9">LOCAL</subfield>
    <subfield code="M">49HBZ_DUE</subfield>
  </datafield>
  <datafield tag="996" ind1=" " ind2=" ">
    <subfield code="a">Ruhr</subfield>
    <subfield code="9">LOCAL</subfield>
    <subfield code="M">49HBZ_DUE</subfield>
  </datafield>
  <datafield tag="996" ind1=" " ind2=" ">
    <subfield code="a">Westfale</subfield>
    <subfield code="9">LOCAL</subfield>
    <subfield code="M">49HBZ_DUE</subfield>
  </datafield>
  <datafield tag="996" ind1=" " ind2=" ">
    <subfield code="a">Wirtschaft</subfield>
    <subfield code="9">LOCAL</subfield>
    <subfield code="M">49HBZ_DUE</subfield>
  </datafield>
  <datafield tag="996" ind1=" " ind2=" ">
    <subfield code="a">gemeinsam</subfield>
    <subfield code="9">LOCAL</subfield>
    <subfield code="M">49HBZ_DUE</subfield>
  </datafield>
  <datafield tag="MBD" ind1=" " ind2=" ">
    <subfield code="M">49HBZ_ULM</subfield>
    <subfield code="i">991022612759706449</subfield>
    <subfield code="n">Universität Münster</subfield>
  </datafield>
  <datafield tag="980" ind1="1" ind2="2">
    <subfield code="e">HBZ</subfield>
    <subfield code="9">LOCAL</subfield>
    <subfield code="M">49HBZ_ULM</subfield>
  </datafield>
  <datafield tag="981" ind1=" " ind2=" ">
    <subfield code="a">(DE-6)149382</subfield>
    <subfield code="9">LOCAL</subfield>
    <subfield code="M">49HBZ_ULM</subfield>
  </datafield>
  <datafield tag="983" ind1=" " ind2=" ">
    <subfield code="b">ZS</subfield>
    <subfield code="2">dbs_loc</subfield>
    <subfield code="9">LOCAL</subfield>
    <subfield code="M">49HBZ_ULM</subfield>
  </datafield>
  <datafield tag="MBD" ind1=" " ind2=" ">
    <subfield code="M">49HBZ_BRIDGE_UBK</subfield>
    <subfield code="i">99458216807147</subfield>
    <subfield code="n">Universitäts- und Stadtbibliothek Köln</subfield>
  </datafield>
  <datafield tag="MNG" ind1=" " ind2=" ">
    <subfield code="c">System</subfield>
    <subfield code="f">ZDB</subfield>
    <subfield code="i">marc21</subfield>
    <subfield code="h">20220903101743.0</subfield>
    <subfield code="k">01</subfield>
    <subfield code="e">false</subfield>
    <subfield code="d">2023-04-23 12:27:48 Europe/Berlin</subfield>
    <subfield code="g">005411450-HBZ01</subfield>
    <subfield code="j">90</subfield>
    <subfield code="a">import</subfield>
    <subfield code="b">2021-04-05 19:21:01 Europe/Berlin</subfield>
  </datafield>
  <datafield tag="H52" ind1="8" ind2="1">
    <subfield code="b">BR003</subfield>
    <subfield code="b">BR004</subfield>
    <subfield code="c">UNASSIGNED</subfield>
    <subfield code="8">2215893740007508</subfield>
  </datafield>
  <datafield tag="HOL" ind1=" " ind2=" ">
    <subfield code="d">2023-05-28 18:59:14</subfield>
    <subfield code="8">2215893740007508</subfield>
    <subfield code="b">2023-05-28 18:59:13</subfield>
    <subfield code="M">49HBZ_BRIDGE_BDR</subfield>
    <subfield code="g">false</subfield>
    <subfield code="a">System</subfield>
    <subfield code="c">System</subfield>
  </datafield>
  <datafield tag="H16" ind1="7" ind2=" ">
    <subfield code="a">776125-9</subfield>
    <subfield code="2">DE-600</subfield>
    <subfield code="8">2215893760007508</subfield>
  </datafield>
  <datafield tag="H35" ind1=" " ind2=" ">
    <subfield code="a">(DE-600)080184871</subfield>
    <subfield code="8">2215893760007508</subfield>
  </datafield>
  <datafield tag="H92" ind1=" " ind2=" ">
    <subfield code="a">438001-0</subfield>
    <subfield code="8">2215893760007508</subfield>
  </datafield>
  <datafield tag="H52" ind1="8" ind2="1">
    <subfield code="t">1</subfield>
    <subfield code="c">kA</subfield>
    <subfield code="a">DE-Bm3</subfield>
    <subfield code="h">A 10 685</subfield>
    <subfield code="8">1</subfield>
    <subfield code="b">BR001</subfield>
    <subfield code="8">2215893760007508</subfield>
  </datafield>
  <datafield tag="H59" ind1="1" ind2="0">
    <subfield code="8">1.2\x</subfield>
    <subfield code="i">1990</subfield>
    <subfield code="a">44</subfield>
    <subfield code="i">1999</subfield>
    <subfield code="a">62</subfield>
    <subfield code="i">2007</subfield>
    <subfield code="a">79</subfield>
    <subfield code="i">2010</subfield>
    <subfield code="a">85</subfield>
    <subfield code="8">2215893760007508</subfield>
  </datafield>
  <datafield tag="H59" ind1="0" ind2="0">
    <subfield code="8">1.1\x</subfield>
    <subfield code="a">35</subfield>
    <subfield code="i">1985</subfield>
    <subfield code="a">37</subfield>
    <subfield code="i">1986</subfield>
    <subfield code="a">38</subfield>
    <subfield code="i">1987</subfield>
    <subfield code="a">47</subfield>
    <subfield code="i">1991</subfield>
    <subfield code="a">64</subfield>
    <subfield code="i">2000</subfield>
    <subfield code="a">81</subfield>
    <subfield code="i">2008</subfield>
    <subfield code="8">2215893760007508</subfield>
  </datafield>
  <datafield tag="H66" ind1="3" ind2="0">
    <subfield code="a">35.1985,He.; 37.1986,He.; 38.1987,Frü. - 44.1990,Frü.; 47.1991,He. - 62.1999,Jahresbeg.; 64.2000 - 79.2007,He.; 81.2008,He. - 85.2010,He.</subfield>
    <subfield code="8">2215893760007508</subfield>
  </datafield>
  <datafield tag="HOL" ind1=" " ind2=" ">
    <subfield code="d">2023-05-28 18:59:13</subfield>
    <subfield code="8">2215893760007508</subfield>
    <subfield code="b">2023-05-28 18:59:13</subfield>
    <subfield code="M">49HBZ_BRIDGE_BDR</subfield>
    <subfield code="g">false</subfield>
    <subfield code="a">System</subfield>
    <subfield code="c">System</subfield>
  </datafield>
  <datafield tag="H16" ind1="7" ind2=" ">
    <subfield code="a">776125-9</subfield>
    <subfield code="2">DE-600</subfield>
    <subfield code="8">2260543040007816</subfield>
  </datafield>
  <datafield tag="H35" ind1=" " ind2=" ">
    <subfield code="a">(DE-600)097633828</subfield>
    <subfield code="8">2260543040007816</subfield>
  </datafield>
  <datafield tag="H92" ind1=" " ind2=" ">
    <subfield code="a">467040-1</subfield>
    <subfield code="8">2260543040007816</subfield>
  </datafield>
  <datafield tag="H52" ind1="8" ind2="1">
    <subfield code="t">1</subfield>
    <subfield code="c">kA</subfield>
    <subfield code="a">DE-60</subfield>
    <subfield code="h">Zs 6336</subfield>
    <subfield code="8">1</subfield>
    <subfield code="b">Z9030</subfield>
    <subfield code="8">2260543040007816</subfield>
  </datafield>
  <datafield tag="H59" ind1="1" ind2="0">
    <subfield code="8">1.2\x</subfield>
    <subfield code="i">1983</subfield>
    <subfield code="i">1987</subfield>
    <subfield code="a">37</subfield>
    <subfield code="i">1994</subfield>
    <subfield code="i">1998</subfield>
    <subfield code="a">61</subfield>
    <subfield code="8">2260543040007816</subfield>
  </datafield>
  <datafield tag="H59" ind1="0" ind2="0">
    <subfield code="8">1.1\x</subfield>
    <subfield code="i">1976/79</subfield>
    <subfield code="a">35</subfield>
    <subfield code="i">1985</subfield>
    <subfield code="a">46</subfield>
    <subfield code="i">1991</subfield>
    <subfield code="a">48</subfield>
    <subfield code="i">1992</subfield>
    <subfield code="a">54</subfield>
    <subfield code="i">1995</subfield>
    <subfield code="a">57</subfield>
    <subfield code="i">1996</subfield>
    <subfield code="a">59</subfield>
    <subfield code="i">1997</subfield>
    <subfield code="8">2260543040007816</subfield>
  </datafield>
  <datafield tag="H66" ind1="3" ind2="0">
    <subfield code="a">1976/79 - 1983; 35.1985 - 37.1987; 46.1991; 48.1992 - 1993/94; 54.1995; 57.1996; 59.1997 - 61.1998</subfield>
    <subfield code="8">2260543040007816</subfield>
  </datafield>
  <datafield tag="HOL" ind1=" " ind2=" ">
    <subfield code="d">2023-05-28 18:56:17</subfield>
    <subfield code="8">2260543040007816</subfield>
    <subfield code="b">2023-05-28 18:56:17</subfield>
    <subfield code="M">49HBZ_BRIDGE_FIZ</subfield>
    <subfield code="g">false</subfield>
    <subfield code="a">System</subfield>
    <subfield code="c">System</subfield>
  </datafield>
  <datafield tag="H16" ind1="7" ind2=" ">
    <subfield code="a">776125-9</subfield>
    <subfield code="2">DE-600</subfield>
    <subfield code="8">22240280930006448</subfield>
  </datafield>
  <datafield tag="H35" ind1=" " ind2=" ">
    <subfield code="a">(DE-600)219894191</subfield>
    <subfield code="8">22240280930006448</subfield>
  </datafield>
  <datafield tag="H35" ind1=" " ind2=" ">
    <subfield code="a">(DE-82)219894191-49hbz_uba</subfield>
    <subfield code="8">22240280930006448</subfield>
  </datafield>
  <datafield tag="H92" ind1=" " ind2=" ">
    <subfield code="a">511000-2</subfield>
    <subfield code="d">82</subfield>
    <subfield code="k">NRW</subfield>
    <subfield code="l">a</subfield>
    <subfield code="o">c</subfield>
    <subfield code="8">22240280930006448</subfield>
  </datafield>
  <datafield tag="H52" ind1=" " ind2=" ">
    <subfield code="b">ZB</subfield>
    <subfield code="c">0</subfield>
    <subfield code="8">1</subfield>
    <subfield code="h">Zf864</subfield>
    <subfield code="9">00</subfield>
    <subfield code="x">DE-82</subfield>
    <subfield code="8">22240280930006448</subfield>
  </datafield>
  <datafield tag="H59" ind1="0" ind2="0">
    <subfield code="8">1.1\x</subfield>
    <subfield code="a">80</subfield>
    <subfield code="i">2008</subfield>
    <subfield code="8">22240280930006448</subfield>
  </datafield>
  <datafield tag="H59" ind1="1" ind2="0">
    <subfield code="8">1.2\x</subfield>
    <subfield code="a">85</subfield>
    <subfield code="i">2010</subfield>
    <subfield code="8">22240280930006448</subfield>
  </datafield>
  <datafield tag="H66" ind1="3" ind2="0">
    <subfield code="a">80.2008 - 85.2010</subfield>
    <subfield code="8">22240280930006448</subfield>
  </datafield>
  <datafield tag="HOL" ind1=" " ind2=" ">
    <subfield code="b">2022-07-20 21:58:36</subfield>
    <subfield code="8">22240280930006448</subfield>
    <subfield code="M">49HBZ_UBA</subfield>
    <subfield code="g">false</subfield>
    <subfield code="a">import</subfield>
  </datafield>
  <datafield tag="H16" ind1="7" ind2=" ">
    <subfield code="a">776125-9</subfield>
    <subfield code="2">DE-600</subfield>
    <subfield code="8">22195462560006445</subfield>
  </datafield>
  <datafield tag="H35" ind1=" " ind2=" ">
    <subfield code="a">(DE-600)036908444</subfield>
    <subfield code="8">22195462560006445</subfield>
  </datafield>
  <datafield tag="H35" ind1=" " ind2=" ">
    <subfield code="a">(DE-290)036908444-49hbz_ubd</subfield>
    <subfield code="8">22195462560006445</subfield>
  </datafield>
  <datafield tag="H92" ind1=" " ind2=" ">
    <subfield code="a">463000-2</subfield>
    <subfield code="d">290</subfield>
    <subfield code="k">NRW</subfield>
    <subfield code="l">a</subfield>
    <subfield code="o">c</subfield>
    <subfield code="8">22195462560006445</subfield>
  </datafield>
  <datafield tag="H52" ind1=" " ind2=" ">
    <subfield code="b">ZB</subfield>
    <subfield code="c">ZS</subfield>
    <subfield code="8">1</subfield>
    <subfield code="h">ZF 468</subfield>
    <subfield code="x">DE-290</subfield>
    <subfield code="9">00</subfield>
    <subfield code="8">22195462560006445</subfield>
  </datafield>
  <datafield tag="H59" ind1="0" ind2="0">
    <subfield code="8">1.1\x</subfield>
    <subfield code="i">1971</subfield>
    <subfield code="8">22195462560006445</subfield>
  </datafield>
  <datafield tag="H59" ind1="1" ind2="0">
    <subfield code="8">1.2\x</subfield>
    <subfield code="i">1980</subfield>
    <subfield code="8">22195462560006445</subfield>
  </datafield>
  <datafield tag="H59" ind1="0" ind2="0">
    <subfield code="8">2.1\x</subfield>
    <subfield code="a">26</subfield>
    <subfield code="i">1981</subfield>
    <subfield code="8">22195462560006445</subfield>
  </datafield>
  <datafield tag="H59" ind1="1" ind2="0">
    <subfield code="8">2.2\x</subfield>
    <subfield code="a">85</subfield>
    <subfield code="i">2010</subfield>
    <subfield code="8">22195462560006445</subfield>
  </datafield>
  <datafield tag="H66" ind1="3" ind2="0">
    <subfield code="a">1971 - 1980,He.; 26.1981 - 85.2010, He.</subfield>
    <subfield code="8">22195462560006445</subfield>
  </datafield>
  <datafield tag="HOL" ind1=" " ind2=" ">
    <subfield code="b">2021-04-19 15:25:44</subfield>
    <subfield code="8">22195462560006445</subfield>
    <subfield code="M">49HBZ_UBD</subfield>
    <subfield code="g">false</subfield>
    <subfield code="a">import</subfield>
  </datafield>
  <datafield tag="H16" ind1="7" ind2=" ">
    <subfield code="a">776125-9</subfield>
    <subfield code="2">DE-600</subfield>
    <subfield code="8">22413729270006446</subfield>
  </datafield>
  <datafield tag="H35" ind1=" " ind2=" ">
    <subfield code="a">(DE-600)036908487</subfield>
    <subfield code="8">22413729270006446</subfield>
  </datafield>
  <datafield tag="H92" ind1=" " ind2=" ">
    <subfield code="a">432000-1</subfield>
    <subfield code="k">NRW</subfield>
    <subfield code="l">a</subfield>
    <subfield code="o">b</subfield>
    <subfield code="p">x</subfield>
    <subfield code="8">22413729270006446</subfield>
  </datafield>
  <datafield tag="H52" ind1="8" ind2="1">
    <subfield code="a">DE-465</subfield>
    <subfield code="b">E0001</subfield>
    <subfield code="c">E06</subfield>
    <subfield code="h">49 Z 571</subfield>
    <subfield code="8">1</subfield>
    <subfield code="8">22413729270006446</subfield>
  </datafield>
  <datafield tag="H59" ind1="0" ind2="0">
    <subfield code="8">1.1\x</subfield>
    <subfield code="a">35</subfield>
    <subfield code="i">1985</subfield>
    <subfield code="8">22413729270006446</subfield>
  </datafield>
  <datafield tag="H59" ind1="1" ind2="0">
    <subfield code="8">1.2\x</subfield>
    <subfield code="a">85</subfield>
    <subfield code="i">2010</subfield>
    <subfield code="8">22413729270006446</subfield>
  </datafield>
  <datafield tag="H66" ind1="3" ind2="0">
    <subfield code="a">35.1985 - 85.2010,He.</subfield>
    <subfield code="8">22413729270006446</subfield>
  </datafield>
  <datafield tag="HOL" ind1=" " ind2=" ">
    <subfield code="d">2021-06-29 05:43:01</subfield>
    <subfield code="8">22413729270006446</subfield>
    <subfield code="b">2021-04-15 18:16:01</subfield>
    <subfield code="M">49HBZ_UDE</subfield>
    <subfield code="g">false</subfield>
    <subfield code="a">import</subfield>
    <subfield code="c">System</subfield>
  </datafield>
  <datafield tag="ITM" ind1=" " ind2=" ">
    <subfield code="H">22413729270006446</subfield>
    <subfield code="x">ENP</subfield>
    <subfield code="f">ISSBD</subfield>
    <subfield code="v">E06</subfield>
    <subfield code="p">31</subfield>
    <subfield code="X">System</subfield>
    <subfield code="U">2012-01-18 11:59:00 Europe/Berlin</subfield>
    <subfield code="Y">2021-06-08 14:30:33 Europe/Berlin</subfield>
    <subfield code="h">false</subfield>
    <subfield code="e">00001</subfield>
    <subfield code="n">49Z571</subfield>
    <subfield code="P">08</subfield>
    <subfield code="i">82</subfield>
    <subfield code="k">2009</subfield>
    <subfield code="M">49HBZ_UDE</subfield>
    <subfield code="s">1</subfield>
    <subfield code="d">8</subfield>
    <subfield code="V">import</subfield>
    <subfield code="b">883933-330</subfield>
    <subfield code="a">23413729240006446</subfield>
    <subfield code="t">8</subfield>
    <subfield code="c">49 Z 571</subfield>
    <subfield code="q">82.-85. Bericht (2009-2010,1)</subfield>
    <subfield code="W">2012-01-18 01:00:00 Europe/Berlin</subfield>
    <subfield code="u">E0001</subfield>
    <subfield code="w">E0001</subfield>
  </datafield>
  <datafield tag="ITM" ind1=" " ind2=" ">
    <subfield code="H">22413729270006446</subfield>
    <subfield code="x">ENP</subfield>
    <subfield code="f">ISSBD</subfield>
    <subfield code="v">E06</subfield>
    <subfield code="p">31</subfield>
    <subfield code="X">System</subfield>
    <subfield code="U">2006-03-08 11:59:00 Europe/Berlin</subfield>
    <subfield code="Y">2021-06-08 14:30:33 Europe/Berlin</subfield>
    <subfield code="h">false</subfield>
    <subfield code="e">00001</subfield>
    <subfield code="n">49Z571</subfield>
    <subfield code="j">1</subfield>
    <subfield code="i">70</subfield>
    <subfield code="k">2003</subfield>
    <subfield code="M">49HBZ_UDE</subfield>
    <subfield code="s">1</subfield>
    <subfield code="d">8</subfield>
    <subfield code="V">import</subfield>
    <subfield code="b">883933-11</subfield>
    <subfield code="a">23413729260006446</subfield>
    <subfield code="t">8</subfield>
    <subfield code="c">49 Z 571</subfield>
    <subfield code="q">70.-75. Bericht (2003-2005)</subfield>
    <subfield code="W">2006-03-08 01:00:00 Europe/Berlin</subfield>
    <subfield code="u">E0001</subfield>
    <subfield code="w">E0001</subfield>
  </datafield>
  <datafield tag="ITM" ind1=" " ind2=" ">
    <subfield code="H">22413729270006446</subfield>
    <subfield code="x">E06</subfield>
    <subfield code="f">ISSBD</subfield>
    <subfield code="v">E06</subfield>
    <subfield code="p">31</subfield>
    <subfield code="X">exl_api</subfield>
    <subfield code="Y">2021-05-22 10:47:00 Europe/Berlin</subfield>
    <subfield code="h">false</subfield>
    <subfield code="n">49Z571</subfield>
    <subfield code="M">49HBZ_UDE</subfield>
    <subfield code="s">1</subfield>
    <subfield code="d">8</subfield>
    <subfield code="V">exl_api</subfield>
    <subfield code="a">23442320480006446</subfield>
    <subfield code="t">8</subfield>
    <subfield code="c">49 Z 571</subfield>
    <subfield code="W">2021-05-22 10:46:59 Europe/Berlin</subfield>
    <subfield code="u">E0001</subfield>
    <subfield code="w">E0001</subfield>
  </datafield>
  <datafield tag="ITM" ind1=" " ind2=" ">
    <subfield code="H">22413729270006446</subfield>
    <subfield code="x">ENP</subfield>
    <subfield code="f">ISSBD</subfield>
    <subfield code="v">E06</subfield>
    <subfield code="p">31</subfield>
    <subfield code="X">System</subfield>
    <subfield code="U">2009-04-01 12:59:00 Europe/Berlin</subfield>
    <subfield code="Y">2021-06-08 14:30:34 Europe/Berlin</subfield>
    <subfield code="h">false</subfield>
    <subfield code="e">00001</subfield>
    <subfield code="n">49Z571</subfield>
    <subfield code="P">07</subfield>
    <subfield code="j">1</subfield>
    <subfield code="i">76</subfield>
    <subfield code="k">2006</subfield>
    <subfield code="M">49HBZ_UDE</subfield>
    <subfield code="s">1</subfield>
    <subfield code="d">8</subfield>
    <subfield code="V">import</subfield>
    <subfield code="b">883933-250</subfield>
    <subfield code="a">23413729250006446</subfield>
    <subfield code="t">8</subfield>
    <subfield code="c">49 Z 571</subfield>
    <subfield code="q">76.-81. Bericht (2006-2008)</subfield>
    <subfield code="W">2009-04-01 02:00:00 Europe/Berlin</subfield>
    <subfield code="u">E0001</subfield>
    <subfield code="w">E0001</subfield>
  </datafield>
  <datafield tag="H16" ind1="7" ind2=" ">
    <subfield code="a">776125-9</subfield>
    <subfield code="2">DE-600</subfield>
    <subfield code="8">22319077940006443</subfield>
  </datafield>
  <datafield tag="H35" ind1=" " ind2=" ">
    <subfield code="a">(DE-600)03690841X</subfield>
    <subfield code="8">22319077940006443</subfield>
  </datafield>
  <datafield tag="H92" ind1=" " ind2=" ">
    <subfield code="a">401000-0</subfield>
    <subfield code="k">NRW</subfield>
    <subfield code="l">a</subfield>
    <subfield code="o">b</subfield>
    <subfield code="p">x</subfield>
    <subfield code="8">22319077940006443</subfield>
  </datafield>
  <datafield tag="H52" ind1="8" ind2="1">
    <subfield code="a">DE-61</subfield>
    <subfield code="b">X0001</subfield>
    <subfield code="c">00L</subfield>
    <subfield code="h">zb 9907</subfield>
    <subfield code="8">1</subfield>
    <subfield code="8">22319077940006443</subfield>
  </datafield>
  <datafield tag="H59" ind1="0" ind2="0">
    <subfield code="8">1.1\x</subfield>
    <subfield code="a">54</subfield>
    <subfield code="i">1995</subfield>
    <subfield code="8">22319077940006443</subfield>
  </datafield>
  <datafield tag="H59" ind1="1" ind2="0">
    <subfield code="8">1.2\x</subfield>
    <subfield code="a">85</subfield>
    <subfield code="i">2010</subfield>
    <subfield code="8">22319077940006443</subfield>
  </datafield>
  <datafield tag="H66" ind1="3" ind2="0">
    <subfield code="a">54.1995 - 85.2010,He.</subfield>
    <subfield code="8">22319077940006443</subfield>
  </datafield>
  <datafield tag="HOL" ind1=" " ind2=" ">
    <subfield code="b">2021-04-01 13:13:52</subfield>
    <subfield code="8">22319077940006443</subfield>
    <subfield code="M">49HBZ_DUE</subfield>
    <subfield code="g">false</subfield>
    <subfield code="a">import</subfield>
  </datafield>
  <datafield tag="ITM" ind1=" " ind2=" ">
    <subfield code="H">22319077940006443</subfield>
    <subfield code="x">00L</subfield>
    <subfield code="f">ISSBD</subfield>
    <subfield code="v">00L</subfield>
    <subfield code="p">33</subfield>
    <subfield code="X">System</subfield>
    <subfield code="U">2000-01-01 11:59:00 Europe/Berlin</subfield>
    <subfield code="Y">2021-04-01 15:14:28 Europe/Berlin</subfield>
    <subfield code="h">false</subfield>
    <subfield code="n">zb/9907</subfield>
    <subfield code="j">61</subfield>
    <subfield code="i">1998</subfield>
    <subfield code="k">1998</subfield>
    <subfield code="M">49HBZ_DUE</subfield>
    <subfield code="s">1</subfield>
    <subfield code="d">8</subfield>
    <subfield code="V">import</subfield>
    <subfield code="a">23319077810006443</subfield>
    <subfield code="t">8</subfield>
    <subfield code="c">zb 9907</subfield>
    <subfield code="q">1998, Nr.61</subfield>
    <subfield code="W">2016-02-11 01:00:00 Europe/Berlin</subfield>
    <subfield code="u">X0001</subfield>
    <subfield code="w">X0001</subfield>
  </datafield>
  <datafield tag="ITM" ind1=" " ind2=" ">
    <subfield code="H">22319077940006443</subfield>
    <subfield code="x">00L</subfield>
    <subfield code="f">ISSBD</subfield>
    <subfield code="v">00L</subfield>
    <subfield code="p">33</subfield>
    <subfield code="X">System</subfield>
    <subfield code="U">2000-01-01 11:59:00 Europe/Berlin</subfield>
    <subfield code="Y">2021-04-01 15:14:28 Europe/Berlin</subfield>
    <subfield code="h">false</subfield>
    <subfield code="n">zb/9907</subfield>
    <subfield code="j">56</subfield>
    <subfield code="i">1996</subfield>
    <subfield code="k">1996</subfield>
    <subfield code="M">49HBZ_DUE</subfield>
    <subfield code="s">1</subfield>
    <subfield code="d">8</subfield>
    <subfield code="V">import</subfield>
    <subfield code="a">23319077880006443</subfield>
    <subfield code="t">8</subfield>
    <subfield code="c">zb 9907</subfield>
    <subfield code="q">1996, Nr.56</subfield>
    <subfield code="W">2016-02-11 01:00:00 Europe/Berlin</subfield>
    <subfield code="u">X0001</subfield>
    <subfield code="w">X0001</subfield>
  </datafield>
  <datafield tag="ITM" ind1=" " ind2=" ">
    <subfield code="H">22319077940006443</subfield>
    <subfield code="x">00L</subfield>
    <subfield code="f">ISSBD</subfield>
    <subfield code="v">00L</subfield>
    <subfield code="p">33</subfield>
    <subfield code="X">System</subfield>
    <subfield code="U">2000-01-01 11:59:00 Europe/Berlin</subfield>
    <subfield code="Y">2021-04-01 15:14:28 Europe/Berlin</subfield>
    <subfield code="h">false</subfield>
    <subfield code="n">zb/9907</subfield>
    <subfield code="j">62</subfield>
    <subfield code="i">1999</subfield>
    <subfield code="k">1999</subfield>
    <subfield code="M">49HBZ_DUE</subfield>
    <subfield code="s">1</subfield>
    <subfield code="d">8</subfield>
    <subfield code="V">import</subfield>
    <subfield code="a">23319077800006443</subfield>
    <subfield code="t">8</subfield>
    <subfield code="c">zb 9907</subfield>
    <subfield code="q">1999, Nr.62</subfield>
    <subfield code="W">2016-02-11 01:00:00 Europe/Berlin</subfield>
    <subfield code="u">X0001</subfield>
    <subfield code="w">X0001</subfield>
  </datafield>
  <datafield tag="ITM" ind1=" " ind2=" ">
    <subfield code="H">22319077940006443</subfield>
    <subfield code="x">00L</subfield>
    <subfield code="f">ISSBD</subfield>
    <subfield code="v">00L</subfield>
    <subfield code="p">33</subfield>
    <subfield code="X">System</subfield>
    <subfield code="U">2000-01-01 11:59:00 Europe/Berlin</subfield>
    <subfield code="Y">2021-04-01 15:14:28 Europe/Berlin</subfield>
    <subfield code="h">false</subfield>
    <subfield code="n">zb/9907</subfield>
    <subfield code="j">60</subfield>
    <subfield code="i">1998</subfield>
    <subfield code="k">1998</subfield>
    <subfield code="M">49HBZ_DUE</subfield>
    <subfield code="s">1</subfield>
    <subfield code="d">8</subfield>
    <subfield code="V">import</subfield>
    <subfield code="a">23319077820006443</subfield>
    <subfield code="t">8</subfield>
    <subfield code="c">zb 9907</subfield>
    <subfield code="q">1998, Nr.60</subfield>
    <subfield code="W">2016-02-11 01:00:00 Europe/Berlin</subfield>
    <subfield code="u">X0001</subfield>
    <subfield code="w">X0001</subfield>
  </datafield>
  <datafield tag="ITM" ind1=" " ind2=" ">
    <subfield code="H">22319077940006443</subfield>
    <subfield code="x">00L</subfield>
    <subfield code="f">ISSBD</subfield>
    <subfield code="v">00L</subfield>
    <subfield code="p">33</subfield>
    <subfield code="X">System</subfield>
    <subfield code="U">2000-01-01 11:59:00 Europe/Berlin</subfield>
    <subfield code="Y">2021-04-01 15:14:28 Europe/Berlin</subfield>
    <subfield code="h">false</subfield>
    <subfield code="n">zb/9907</subfield>
    <subfield code="j">63</subfield>
    <subfield code="i">1999</subfield>
    <subfield code="k">1999</subfield>
    <subfield code="M">49HBZ_DUE</subfield>
    <subfield code="s">1</subfield>
    <subfield code="d">8</subfield>
    <subfield code="V">import</subfield>
    <subfield code="a">23319077790006443</subfield>
    <subfield code="t">8</subfield>
    <subfield code="c">zb 9907</subfield>
    <subfield code="q">1999, Nr.63</subfield>
    <subfield code="W">2016-02-11 01:00:00 Europe/Berlin</subfield>
    <subfield code="u">X0001</subfield>
    <subfield code="w">X0001</subfield>
  </datafield>
  <datafield tag="ITM" ind1=" " ind2=" ">
    <subfield code="H">22319077940006443</subfield>
    <subfield code="x">00L</subfield>
    <subfield code="f">ISSBD</subfield>
    <subfield code="v">00L</subfield>
    <subfield code="p">33</subfield>
    <subfield code="X">System</subfield>
    <subfield code="U">2007-09-11 12:59:00 Europe/Berlin</subfield>
    <subfield code="Y">2021-04-01 15:14:28 Europe/Berlin</subfield>
    <subfield code="h">false</subfield>
    <subfield code="e">00001</subfield>
    <subfield code="n">zb/9907</subfield>
    <subfield code="P">40/d/n/1</subfield>
    <subfield code="i">64</subfield>
    <subfield code="k">2000</subfield>
    <subfield code="M">49HBZ_DUE</subfield>
    <subfield code="s">1</subfield>
    <subfield code="d">8</subfield>
    <subfield code="V">import</subfield>
    <subfield code="a">23319077930006443</subfield>
    <subfield code="t">8</subfield>
    <subfield code="c">zb 9907</subfield>
    <subfield code="D">20070911</subfield>
    <subfield code="q">2000-2006 Nr.64-77</subfield>
    <subfield code="W">2007-09-11 02:00:00 Europe/Berlin</subfield>
    <subfield code="u">X0001</subfield>
    <subfield code="w">X0001</subfield>
  </datafield>
  <datafield tag="ITM" ind1=" " ind2=" ">
    <subfield code="H">22319077940006443</subfield>
    <subfield code="x">00L</subfield>
    <subfield code="f">ISSBD</subfield>
    <subfield code="v">00L</subfield>
    <subfield code="p">33</subfield>
    <subfield code="X">System</subfield>
    <subfield code="U">2000-01-01 11:59:00 Europe/Berlin</subfield>
    <subfield code="Y">2021-04-01 15:14:28 Europe/Berlin</subfield>
    <subfield code="h">false</subfield>
    <subfield code="n">zb/9907</subfield>
    <subfield code="j">59</subfield>
    <subfield code="i">1997</subfield>
    <subfield code="k">1997</subfield>
    <subfield code="M">49HBZ_DUE</subfield>
    <subfield code="s">1</subfield>
    <subfield code="d">8</subfield>
    <subfield code="V">import</subfield>
    <subfield code="a">23319077840006443</subfield>
    <subfield code="t">8</subfield>
    <subfield code="c">zb 9907</subfield>
    <subfield code="q">1997, Nr.59</subfield>
    <subfield code="W">2016-02-11 01:00:00 Europe/Berlin</subfield>
    <subfield code="u">X0001</subfield>
    <subfield code="w">X0001</subfield>
  </datafield>
  <datafield tag="ITM" ind1=" " ind2=" ">
    <subfield code="H">22319077940006443</subfield>
    <subfield code="x">00L</subfield>
    <subfield code="f">ISSBD</subfield>
    <subfield code="v">00L</subfield>
    <subfield code="p">33</subfield>
    <subfield code="X">System</subfield>
    <subfield code="U">2000-01-01 11:59:00 Europe/Berlin</subfield>
    <subfield code="Y">2021-04-01 15:14:28 Europe/Berlin</subfield>
    <subfield code="h">false</subfield>
    <subfield code="n">zb/9907</subfield>
    <subfield code="j">54</subfield>
    <subfield code="i">1995</subfield>
    <subfield code="k">1995</subfield>
    <subfield code="M">49HBZ_DUE</subfield>
    <subfield code="s">1</subfield>
    <subfield code="d">8</subfield>
    <subfield code="V">import</subfield>
    <subfield code="a">23319077920006443</subfield>
    <subfield code="t">8</subfield>
    <subfield code="c">zb 9907</subfield>
    <subfield code="q">1995, Nr.54</subfield>
    <subfield code="W">2016-02-11 01:00:00 Europe/Berlin</subfield>
    <subfield code="u">X0001</subfield>
    <subfield code="w">X0001</subfield>
  </datafield>
  <datafield tag="ITM" ind1=" " ind2=" ">
    <subfield code="H">22319077940006443</subfield>
    <subfield code="x">00L</subfield>
    <subfield code="f">ISSBD</subfield>
    <subfield code="v">00L</subfield>
    <subfield code="p">33</subfield>
    <subfield code="X">System</subfield>
    <subfield code="U">2000-01-01 11:59:00 Europe/Berlin</subfield>
    <subfield code="Y">2021-04-01 15:14:28 Europe/Berlin</subfield>
    <subfield code="h">false</subfield>
    <subfield code="n">zb/9907</subfield>
    <subfield code="j">55</subfield>
    <subfield code="i">1995</subfield>
    <subfield code="k">1995</subfield>
    <subfield code="M">49HBZ_DUE</subfield>
    <subfield code="s">1</subfield>
    <subfield code="d">8</subfield>
    <subfield code="V">import</subfield>
    <subfield code="a">23319077910006443</subfield>
    <subfield code="t">8</subfield>
    <subfield code="c">zb 9907</subfield>
    <subfield code="q">1995, Nr.55</subfield>
    <subfield code="W">2016-02-11 01:00:00 Europe/Berlin</subfield>
    <subfield code="u">X0001</subfield>
    <subfield code="w">X0001</subfield>
  </datafield>
  <datafield tag="ITM" ind1=" " ind2=" ">
    <subfield code="H">22319077940006443</subfield>
    <subfield code="x">00L</subfield>
    <subfield code="f">ISSBD</subfield>
    <subfield code="v">00L</subfield>
    <subfield code="p">33</subfield>
    <subfield code="X">System</subfield>
    <subfield code="U">2000-01-01 11:59:00 Europe/Berlin</subfield>
    <subfield code="Y">2021-04-01 15:14:28 Europe/Berlin</subfield>
    <subfield code="h">false</subfield>
    <subfield code="n">zb/9907</subfield>
    <subfield code="j">58</subfield>
    <subfield code="i">1997</subfield>
    <subfield code="k">1997</subfield>
    <subfield code="M">49HBZ_DUE</subfield>
    <subfield code="s">1</subfield>
    <subfield code="d">8</subfield>
    <subfield code="V">import</subfield>
    <subfield code="a">23319077860006443</subfield>
    <subfield code="t">8</subfield>
    <subfield code="c">zb 9907</subfield>
    <subfield code="q">1997, Nr.58</subfield>
    <subfield code="W">2016-02-11 01:00:00 Europe/Berlin</subfield>
    <subfield code="u">X0001</subfield>
    <subfield code="w">X0001</subfield>
  </datafield>
  <datafield tag="ITM" ind1=" " ind2=" ">
    <subfield code="H">22319077940006443</subfield>
    <subfield code="x">00L</subfield>
    <subfield code="f">ISSBD</subfield>
    <subfield code="v">00L</subfield>
    <subfield code="p">33</subfield>
    <subfield code="X">System</subfield>
    <subfield code="U">2000-01-01 11:59:00 Europe/Berlin</subfield>
    <subfield code="Y">2021-04-01 15:14:28 Europe/Berlin</subfield>
    <subfield code="h">false</subfield>
    <subfield code="n">zb/9907</subfield>
    <subfield code="j">57</subfield>
    <subfield code="i">1996</subfield>
    <subfield code="k">1996</subfield>
    <subfield code="M">49HBZ_DUE</subfield>
    <subfield code="s">1</subfield>
    <subfield code="d">8</subfield>
    <subfield code="V">import</subfield>
    <subfield code="a">23319077870006443</subfield>
    <subfield code="t">8</subfield>
    <subfield code="c">zb 9907</subfield>
    <subfield code="q">1996, Nr.57</subfield>
    <subfield code="W">2016-02-11 01:00:00 Europe/Berlin</subfield>
    <subfield code="u">X0001</subfield>
    <subfield code="w">X0001</subfield>
  </datafield>
  <datafield tag="H16" ind1="7" ind2=" ">
    <subfield code="a">776125-9</subfield>
    <subfield code="2">DE-600</subfield>
    <subfield code="8">22498741630006449</subfield>
  </datafield>
  <datafield tag="H35" ind1=" " ind2=" ">
    <subfield code="a">(DE-600)054206987</subfield>
    <subfield code="8">22498741630006449</subfield>
  </datafield>
  <datafield tag="H35" ind1=" " ind2=" ">
    <subfield code="a">(DE-6)054206987-49hbz_ulm</subfield>
    <subfield code="8">22498741630006449</subfield>
  </datafield>
  <datafield tag="H92" ind1=" " ind2=" ">
    <subfield code="k">NRW</subfield>
    <subfield code="l">a</subfield>
    <subfield code="o">c</subfield>
    <subfield code="w">5</subfield>
    <subfield code="a">441000-2</subfield>
    <subfield code="8">22498741630006449</subfield>
  </datafield>
  <datafield tag="H52" ind1="8" ind2="1">
    <subfield code="b">ZB</subfield>
    <subfield code="c">ZB_ZS</subfield>
    <subfield code="8">2</subfield>
    <subfield code="h">XB 2702</subfield>
    <subfield code="9">00</subfield>
    <subfield code="a">DE-6</subfield>
    <subfield code="8">22498741630006449</subfield>
  </datafield>
  <datafield tag="H59" ind1="0" ind2="0">
    <subfield code="8">1.1\x</subfield>
    <subfield code="a">64</subfield>
    <subfield code="i">2000</subfield>
    <subfield code="8">22498741630006449</subfield>
  </datafield>
  <datafield tag="H59" ind1="1" ind2="0">
    <subfield code="8">1.2\x</subfield>
    <subfield code="a">85</subfield>
    <subfield code="i">2010</subfield>
    <subfield code="8">22498741630006449</subfield>
  </datafield>
  <datafield tag="H66" ind1="3" ind2="0">
    <subfield code="a">64.2000 - 85.2010</subfield>
    <subfield code="8">22498741630006449</subfield>
  </datafield>
  <datafield tag="HOL" ind1=" " ind2=" ">
    <subfield code="d">2023-06-02 14:08:50</subfield>
    <subfield code="8">22498741630006449</subfield>
    <subfield code="b">2022-07-11 08:43:04</subfield>
    <subfield code="M">49HBZ_ULM</subfield>
    <subfield code="g">false</subfield>
    <subfield code="a">import</subfield>
    <subfield code="c">System</subfield>
  </datafield>
  <datafield tag="H16" ind1="7" ind2=" ">
    <subfield code="a">776125-9</subfield>
    <subfield code="2">DE-600</subfield>
    <subfield code="8">22498741600006449</subfield>
  </datafield>
  <datafield tag="H35" ind1=" " ind2=" ">
    <subfield code="a">(DE-600)036908398</subfield>
    <subfield code="8">22498741600006449</subfield>
  </datafield>
  <datafield tag="H35" ind1=" " ind2=" ">
    <subfield code="a">(DE-6)036908398-49hbz_ulm</subfield>
    <subfield code="8">22498741600006449</subfield>
  </datafield>
  <datafield tag="H92" ind1=" " ind2=" ">
    <subfield code="k">NRW</subfield>
    <subfield code="l">a</subfield>
    <subfield code="o">c</subfield>
    <subfield code="w">5</subfield>
    <subfield code="a">441000-2</subfield>
    <subfield code="8">22498741600006449</subfield>
  </datafield>
  <datafield tag="H52" ind1="8" ind2="1">
    <subfield code="b">ZB</subfield>
    <subfield code="c">ZB_ZS</subfield>
    <subfield code="8">1</subfield>
    <subfield code="h">XC 1494</subfield>
    <subfield code="9">00</subfield>
    <subfield code="a">DE-6</subfield>
    <subfield code="8">22498741600006449</subfield>
  </datafield>
  <datafield tag="H59" ind1="0" ind2="0">
    <subfield code="8">1.1\x</subfield>
    <subfield code="a">52</subfield>
    <subfield code="i">1994</subfield>
    <subfield code="8">22498741600006449</subfield>
  </datafield>
  <datafield tag="H59" ind1="1" ind2="0">
    <subfield code="8">1.2\x</subfield>
    <subfield code="a">63</subfield>
    <subfield code="i">1999</subfield>
    <subfield code="8">22498741600006449</subfield>
  </datafield>
  <datafield tag="H66" ind1="3" ind2="0">
    <subfield code="a">52.1994 - 63.1999</subfield>
    <subfield code="8">22498741600006449</subfield>
  </datafield>
  <datafield tag="HOL" ind1=" " ind2=" ">
    <subfield code="d">2023-06-02 14:08:48</subfield>
    <subfield code="8">22498741600006449</subfield>
    <subfield code="b">2022-07-11 08:43:04</subfield>
    <subfield code="M">49HBZ_ULM</subfield>
    <subfield code="g">false</subfield>
    <subfield code="a">import</subfield>
    <subfield code="c">System</subfield>
  </datafield>
  <datafield tag="H16" ind1="7" ind2=" ">
    <subfield code="a">776125-9</subfield>
    <subfield code="2">DE-600</subfield>
    <subfield code="8">22230696050007147</subfield>
  </datafield>
  <datafield tag="H35" ind1=" " ind2=" ">
    <subfield code="a">(DE-600)060818247</subfield>
    <subfield code="8">22230696050007147</subfield>
  </datafield>
  <datafield tag="H92" ind1=" " ind2=" ">
    <subfield code="a">501000-7</subfield>
    <subfield code="8">22230696050007147</subfield>
  </datafield>
  <datafield tag="H52" ind1="8" ind2="1">
    <subfield code="t">1</subfield>
    <subfield code="c">kA</subfield>
    <subfield code="a">DE-38</subfield>
    <subfield code="h">XG8554</subfield>
    <subfield code="8">1</subfield>
    <subfield code="b">K0001</subfield>
    <subfield code="8">22230696050007147</subfield>
  </datafield>
  <datafield tag="H59" ind1="1" ind2="0">
    <subfield code="8">1.2\x</subfield>
    <subfield code="i">2010</subfield>
    <subfield code="a">85</subfield>
    <subfield code="8">22230696050007147</subfield>
  </datafield>
  <datafield tag="H59" ind1="0" ind2="0">
    <subfield code="8">1.1\x</subfield>
    <subfield code="a">65</subfield>
    <subfield code="i">2000</subfield>
    <subfield code="8">22230696050007147</subfield>
  </datafield>
  <datafield tag="H66" ind1="3" ind2="0">
    <subfield code="a">65.2000 - 85.2010</subfield>
    <subfield code="8">22230696050007147</subfield>
  </datafield>
  <datafield tag="HOL" ind1=" " ind2=" ">
    <subfield code="d">2023-05-28 18:53:07</subfield>
    <subfield code="8">22230696050007147</subfield>
    <subfield code="b">2023-05-28 18:53:07</subfield>
    <subfield code="M">49HBZ_BRIDGE_UBK</subfield>
    <subfield code="g">false</subfield>
    <subfield code="a">System</subfield>
    <subfield code="c">System</subfield>
  </datafield>
  <datafield tag="GST" ind1=" " ind2=" ">
    <subfield code="a">Periodikum</subfield>
    <subfield code="A">GND-CONTENT</subfield>
    <subfield code="B">GND-040674886</subfield>
    <subfield code="C">450</subfield>
  </datafield>
  <datafield tag="GST" ind1=" " ind2=" ">
    <subfield code="a">Zeitschriften</subfield>
    <subfield code="A">GND-CONTENT</subfield>
    <subfield code="B">GND-040674886</subfield>
    <subfield code="C">450</subfield>
  </datafield>
  <datafield tag="GSI" ind1="7" ind2=" ">
    <subfield code="a">4067488-5</subfield>
    <subfield code="0">http://d-nb.info/gnd/4067488-5</subfield>
    <subfield code="2">gnd</subfield>
    <subfield code="A">GND-CONTENT</subfield>
    <subfield code="B">GND-040674886</subfield>
    <subfield code="C">024</subfield>
  </datafield>
  <datafield tag="GST" ind1=" " ind2=" ">
    <subfield code="a">Mathematische Statistik</subfield>
    <subfield code="A">GND</subfield>
    <subfield code="B">GND-040569950</subfield>
    <subfield code="C">450</subfield>
  </datafield>
  <datafield tag="GST" ind1=" " ind2=" ">
    <subfield code="a">Statistische Mathematik</subfield>
    <subfield code="A">GND</subfield>
    <subfield code="B">GND-040569950</subfield>
    <subfield code="C">450</subfield>
  </datafield>
  <datafield tag="GST" ind1=" " ind2=" ">
    <subfield code="a">Statistische Methode</subfield>
    <subfield code="A">GND</subfield>
    <subfield code="B">GND-040569950</subfield>
    <subfield code="C">450</subfield>
  </datafield>
  <datafield tag="GST" ind1=" " ind2=" ">
    <subfield code="a">Statistisches Verfahren</subfield>
    <subfield code="A">GND</subfield>
    <subfield code="B">GND-040569950</subfield>
    <subfield code="C">450</subfield>
  </datafield>
  <datafield tag="GST" ind1=" " ind2=" ">
    <subfield code="a">Statistiken</subfield>
    <subfield code="A">GND</subfield>
    <subfield code="B">GND-040569950</subfield>
    <subfield code="C">450</subfield>
  </datafield>
  <datafield tag="GSI" ind1="7" ind2=" ">
    <subfield code="a">4056995-0</subfield>
    <subfield code="0">http://d-nb.info/gnd/4056995-0</subfield>
    <subfield code="2">gnd</subfield>
    <subfield code="A">GND</subfield>
    <subfield code="B">GND-040569950</subfield>
    <subfield code="C">024</subfield>
  </datafield>
  <datafield tag="GST" ind1=" " ind2=" ">
    <subfield code="a">Wirtschaftsleben</subfield>
    <subfield code="A">GND</subfield>
    <subfield code="B">GND-04066399X</subfield>
    <subfield code="C">450</subfield>
  </datafield>
  <datafield tag="GST" ind1=" " ind2=" ">
    <subfield code="a">Ökonomie</subfield>
    <subfield code="g">Wirtschaft</subfield>
    <subfield code="A">GND</subfield>
    <subfield code="B">GND-04066399X</subfield>
    <subfield code="C">450</subfield>
  </datafield>
  <datafield tag="GSI" ind1="7" ind2=" ">
    <subfield code="a">4066399-1</subfield>
    <subfield code="0">http://d-nb.info/gnd/4066399-1</subfield>
    <subfield code="2">gnd</subfield>
    <subfield code="A">GND</subfield>
    <subfield code="B">GND-04066399X</subfield>
    <subfield code="C">024</subfield>
  </datafield>
  <datafield tag="GSI" ind1="7" ind2=" ">
    <subfield code="a">4050926-6</subfield>
    <subfield code="0">http://d-nb.info/gnd/4050926-6</subfield>
    <subfield code="2">gnd</subfield>
    <subfield code="A">GND</subfield>
    <subfield code="B">GND-040509265</subfield>
    <subfield code="C">024</subfield>
  </datafield>
  <datafield tag="GGN" ind1=" " ind2=" ">
    <subfield code="a">Ruhr</subfield>
    <subfield code="z">Region</subfield>
    <subfield code="A">GND</subfield>
    <subfield code="B">GND-040509265</subfield>
    <subfield code="C">451</subfield>
  </datafield>
  <datafield tag="GGN" ind1=" " ind2=" ">
    <subfield code="a">Ruhr-Gebiet</subfield>
    <subfield code="A">GND</subfield>
    <subfield code="B">GND-040509265</subfield>
    <subfield code="C">451</subfield>
  </datafield>
  <datafield tag="GGN" ind1=" " ind2=" ">
    <subfield code="a">Ruhrrevier</subfield>
    <subfield code="9">v:Vorlage</subfield>
    <subfield code="A">GND</subfield>
    <subfield code="B">GND-040509265</subfield>
    <subfield code="C">451</subfield>
  </datafield>
  <datafield tag="GGN" ind1=" " ind2=" ">
    <subfield code="a">Metropole Ruhr</subfield>
    <subfield code="A">GND</subfield>
    <subfield code="B">GND-040509265</subfield>
    <subfield code="C">451</subfield>
  </datafield>
</record>
